@article{babanezhad2015stopwasting,
  title={Stopwasting my gradients: Practical svrg},
  author={Babanezhad Harikandeh, Reza and Ahmed, Mohamed Osama and Virani, Alim and Schmidt, Mark and Kone{\v{c}}n{\`y}, Jakub and Sallinen, Scott},
  journal={Advances in Neural Information Processing Systems},
  volume={28},
  year={2015}
}

@inproceedings{thomas2015high,
  title={High confidence policy improvement},
  author={Thomas, Philip and Theocharous, Georgios and Ghavamzadeh, Mohammad},
  booktitle={International Conference on Machine Learning},
  pages={2380--2388},
  year={2015},
  organization={PMLR}
}

@inproceedings{avdiukhin2021federated,
  title={Federated Learning under Arbitrary Communication Patterns},
  author={Avdiukhin, Dmitrii and Kasiviswanathan, Shiva},
  booktitle={International Conference on Machine Learning},
  pages={425--435},
  year={2021},
  organization={PMLR}
}

@inproceedings{reddi2016stochastic,
  title={Stochastic variance reduction for nonconvex optimization},
  author={Reddi, Sashank J and Hefny, Ahmed and Sra, Suvrit and Poczos, Barnabas and Smola, Alex},
  booktitle={International conference on machine learning},
  pages={314--323},
  year={2016},
  organization={PMLR}
}

@inproceedings{tirinzoni2019transfer,
  title={Transfer of samples in policy search via multiple importance sampling},
  author={Tirinzoni, Andrea and Salvini, Mattia and Restelli, Marcello},
  booktitle={International Conference on Machine Learning},
  pages={6264--6274},
  year={2019},
  organization={PMLR}
}